
%%%%%%%%%%%%%%%%%%%%%%%%%%%
%% Dereudre papers and Gibbs stuff

@article{diggle1995,
author = {P.J. Diggle and A.G. Chetwynd and R. Häggkvist and S.E. Morris},
title ={Second-order analysis of space-time clustering},
journal = {Statistical Methods in Medical Research},
volume = {4},
number = {2},
pages = {124-136},
year = {1995},
doi = {10.1177/096228029500400203},
}



